<record><leader>00000cas a22000007a 4500</leader><controlfield tag="001">20400799</controlfield><controlfield tag="008">890927d19261926nduwr ne      0    0eng d</controlfield><datafield ind1=" " ind2=" " tag="010"><subfield code="a">sn 88076631 </subfield></datafield><datafield ind1=" " ind2=" " tag="040"><subfield code="a">NOP</subfield><subfield code="b">eng</subfield><subfield code="c">NOP</subfield><subfield code="d">OCLCQ</subfield></datafield><datafield ind1=" " ind2=" " tag="042"><subfield code="a">msc</subfield></datafield><datafield ind1="0" ind2="4" tag="245"><subfield code="a">The Jamestown weekly sun and weekly alert.</subfield></datafield><datafield ind1=" " ind2=" " tag="260"><subfield code="a">Jamestown, N.D. :</subfield><subfield code="b">Hansen Bros.</subfield></datafield><datafield ind1=" " ind2=" " tag="300"><subfield code="a">1 v. :</subfield><subfield code="b">ill. ;</subfield><subfield code="c">55 cm.</subfield></datafield><datafield ind1=" " ind2=" " tag="310"><subfield code="a">Weekly</subfield></datafield><datafield ind1="1" ind2=" " tag="362"><subfield code="a">Began June 10, 1926.</subfield></datafield><datafield ind1="0" ind2=" " tag="362"><subfield code="a">-v. 48, no. 52 (Dec. 30, 1926).</subfield></datafield><datafield ind1=" " ind2=" " tag="500"><subfield code="a">"Official Newspaper of Stutsman County and City of Jamestown", 1926.</subfield></datafield><datafield ind1=" " ind2=" " tag="530"><subfield code="a">Available on microfilm from the State Historical Society of North Dakota.</subfield></datafield><datafield ind1=" " ind2=" " tag="588"><subfield code="a">Description based on: Vol. 48, no. 24 (June 17, 1926).</subfield></datafield><datafield ind1=" " ind2=" " tag="752"><subfield code="a">United States</subfield><subfield code="b">North Dakota</subfield><subfield code="c">Stutsman</subfield><subfield code="d">Jamestown.</subfield></datafield><datafield ind1="0" ind2=" " tag="775"><subfield code="t">Jamestown sun</subfield><subfield code="w">(DLC)sn 85042340</subfield></datafield><datafield ind1="0" ind2="0" tag="780"><subfield code="t">Jamestown weekly sun and Jamestown weekly alert and Stutsman County citizen</subfield><subfield code="w">(DLC)sn 88076630</subfield></datafield><datafield ind1="1" ind2=" " tag="029"><subfield code="a">AU@</subfield><subfield code="b">000025839869</subfield></datafield></record>